@article{Church2002,
author = {Church, Richard L},
doi = {10.1016/S0305-0548(99)00104-5},
journal = {Computers \& Operations Research},
number = {6},
pages = {541--562},
publisher = {Elsevier},
title = {{Geographical information systems and location science}},
url = {http://www.sciencedirect.com/science/article/pii/S0305054899001045},
volume = {29},
year = {2002}
}
@article{Church1974,
author = {Church, Richard and Velle, Charles R},
doi = {10.1111/j.1435-5597.1974.tb00902.x},
journal = {Papers in Regional Science},
number = {1},
pages = {108--118},
publisher = {Wiley Online Library},
title = {{The maximal covering location problem}},
url = {http://www.geog.ucsb.edu/~forest/G294download/MAX\_COVER\_RLC\_CSR.pdf},
volume = {32},
year = {1974}
}
@article{Fortney1996,
author = {Fortney, John},
doi = {10.1111/j.1538-4632.1996.tb00922.x},
journal = {Geographical Analysis},
number = {1},
pages = {67--92},
publisher = {Wiley Online Library},
title = {{A Cost-Benefit Location-Allocation Model for Public Facilities: An Econometric Approach}},
url = {http://onlinelibrary.wiley.com/doi/10.1111/j.1538-4632.1996.tb00922.x/pdf},
volume = {28},
year = {1996}
}
@article{Harper2005,
author = {Harper, Paul Robert and Shahani, AK and Gallagher, JE and Bowie, C},
doi = {10.1016/j.omega.2004.03.011},
journal = {Omega},
number = {2},
pages = {141--152},
publisher = {Elsevier},
title = {{Planning health services with explicit geographical considerations: a stochastic location–allocation approach}},
url = {http://linkinghub.elsevier.com/retrieve/pii/S0305048304000593},
volume = {33},
year = {2005}
}
@article{Holmes1972,
author = {Holmes, John and Williams, Forrest B. and Brown, Lawrence A.},
doi = {10.1111/j.1538-4632.1972.tb00474.x},
journal = {Geographical Analysis},
number = {3},
pages = {258--266},
publisher = {Wiley Online Library},
title = {{Facility location under a maximum travel restriction: an example using day care facilities}},
url = {http://onlinelibrary.wiley.com/doi/10.1111/j.1538-4632.1972.tb00474.x/epdf},
volume = {4},
year = {1972}
}
@article{Jia2007,
author = {Jia, Hongzhong and Ord\'{o}\~{n}ez, Fernando and Dessouky, Maged},
doi = {10.1080/07408170500539113},
journal = {IIE Transactions},
number = {1},
pages = {41--55},
publisher = {Taylor \& Francis},
title = {{A modeling framework for facility location of medical services for large-scale emergencies}},
url = {http://www.tandfonline.com/doi/abs/10.1080/07408170500539113},
volume = {39},
year = {2007}
}
@article{Kanaroglou2005,
author = {Kanaroglou, Pavlos S. and Jerrett, Michael and Morrison, Jason and Beckerman, Bernardo and Arain, M. Altaf and Gilbert, Nicolas L. and Brook, Jeffrey R.},
doi = {10.1016/j.atmosenv.2004.06.049},
journal = {Atmospheric Environment},
number = {13},
pages = {2399--2409},
publisher = {Elsevier},
title = {{Establishing an air pollution monitoring network for intra-urban population exposure assessment: A location-allocation approach}},
url = {http://linkinghub.elsevier.com/retrieve/pii/S1352231005000713},
volume = {39},
year = {2005}
}
@article{Kumar2004,
author = {Kumar, Naresh},
doi = {10.1016/j.socscimed.2003.08.019},
journal = {Social Science \& Medicine},
number = {10},
pages = {2045--2067},
publisher = {Elsevier},
title = {{Changing geographic access to and locational efficiency of health services in two Indian districts between 1981 and 1996}},
url = {http://www.sciencedirect.com/science/article/pii/S0277953603004210},
volume = {58},
year = {2004}
}
@article{Lane2000,
author = {Lane, David C. and Monefeldt, Camilla and Rosenhead, JV},
doi = {10.1057/palgrave.jors.2600892},
journal = {Journal of Operational Research Society},
number = {5},
pages = {518--531},
publisher = {JSTOR},
title = {{Looking in the wrong place for healthcare improvements: A system dynamics study of an accident and emergency department}},
url = {https://www.jstor.org/stable/254183},
volume = {51},
year = {2000}
}
@article{Marianov1996,
author = {Marianov, Vladimir and ReVelle, Charles},
doi = {10.1016/0377-2217(95)00182-4},
journal = {European Journal of Operational Research},
number = {1},
pages = {110--120},
publisher = {Elsevier},
title = {{The queueing maximal availability location problem: a model for the siting of emergency vehicles}},
url = {http://www.sciencedirect.com/science/article/pii/0377221795001824},
volume = {93},
year = {1996}
}
@article{Mcallister1976,
author = {Mcallister, Donald M},
doi = {10.1111/j.1538-4632.1976.tb00528.x},
journal = {Geographical Analysis},
number = {1},
pages = {47--63},
publisher = {Wiley Online Library},
title = {{Equity and efficiency in public facility location}},
url = {http://onlinelibrary.wiley.com/doi/10.1111/j.1538-4632.1976.tb00528.x/epdf},
volume = {8},
year = {1976}
}
@article{Mohan1983,
author = {Mohan, John},
doi = {10.1016/0277-9536(83)90056-4},
journal = {Social Science \& Medicine},
number = {8},
pages = {493--499},
publisher = {Elsevier},
title = {{Location-allocation models, social science and health service planning: An example from North East England}},
url = {http://www.sciencedirect.com/science/article/pii/0277953683900564/pdf?md5=e1fd375aa18adff9afa4f0692e5cae90\&pid=1-s2.0-0277953683900564-main.pdf},
volume = {17},
year = {1983}
}
@article{Owen1998,
author = {Owen, Susan Hesse and Daskin, Mark S.},
doi = {10.1016/S0377-2217(98)00186-6},
journal = {European Journal of Operational Research},
number = {3},
pages = {423--447},
publisher = {Elsevier},
title = {{Strategic facility location: A review}},
url = {http://linkinghub.elsevier.com/retrieve/pii/S0377221798001866},
volume = {111},
year = {1998}
}
@article{Rahman2000,
author = {Rahman, Shams-ur and Smith, David K},
doi = {10.1016/S0377-2217(99)00289-1},
journal = {European Journal of Operational Research},
number = {3},
pages = {437--452},
publisher = {Elsevier},
title = {{Use of location-allocation models in health service development planning in developing nations}},
url = {http://www.sciencedirect.com/science/article/pii/S0377221799002891},
volume = {123},
year = {2000}
}
@article{ReVelle1970,
author = {ReVelle, Charles S. and Swain, Ralph W.},
doi = {10.1111/j.1538-4632.1970.tb00142.x},
journal = {Geographical Analysis},
number = {1},
pages = {30--42},
title = {{Central facilities location}},
url = {http://onlinelibrary.wiley.com/doi/10.1111/j.1538-4632.1970.tb00142.x/epdf},
volume = {2},
year = {1970}
}
@article{ReVelle1977,
author = {ReVelle, Charles and Bigman, David and Schilling, David and Cohon, Jared and Church, Richard},
journal = {Health Services Research},
number = {2},
pages = {129--146},
publisher = {Health Research \& Educational Trust},
title = {{Facility location: a review of context-free and EMS models}},
url = {http://www.ncbi.nlm.nih.gov/pmc/articles/PMC1071976/},
volume = {12},
year = {1977}
}
@article{Revelle1970,
author = {Revelle, Charles and Marks, David and Liebman, Jon C.},
doi = {10.1287/mnsc.16.11.692},
journal = {Management Science},
number = {11},
pages = {692--707},
publisher = {INFORMS},
title = {{An analysis of private and public sector location models}},
url = {https://www.jstor.org/stable/2628903},
volume = {16},
year = {1970}
}
@article{Sahin2007,
author = {Şahin, G\"{u}ven\c{c} and S\"{u}ral, Haldun},
doi = {10.1016/j.cor.2005.09.005},
journal = {Computers and Operations Research},
number = {8},
pages = {2310--2331},
publisher = {Elsevier},
title = {{A review of hierarchical facility location models}},
url = {http://www.sciencedirect.com/science/article/pii/S0305054805002959},
volume = {34},
year = {2007}
}
@article{Sahin2007a,
author = {Şahin, G\"{u}ven\c{c} and S\"{u}ral, Haldun and Meral, Sedef},
doi = {10.1016/j.cor.2005.03.020},
journal = {Computers and Operations Research},
number = {3},
pages = {692--704},
publisher = {Elsevier},
title = {{Locational analysis for regionalization of Turkish Red Crescent blood services}},
url = {http://www.sciencedirect.com/science/article/pii/S0305054805001152},
volume = {34},
year = {2007}
}
@article{Serra1994,
author = {Serra, Daniel and ReVelle, Charles},
journal = {Location Science},
title = {{The PQ-Median problem: Location and districting of hierarchical facilities. Part II: Heuristic solution methods}},
url = {http://www.econ.upf.edu/docs/papers/downloads/13.pdf},
volume = {2.2},
year = {1994}
}
@article{Toregas1971,
author = {Toregas, Constantine and Swain, Ralph and ReVelle, Charles and Bergman, Lawrence},
doi = {10.1287/opre.19.6.1363},
journal = {Operations Research},
number = {6},
pages = {1363--1373},
publisher = {INFORMS},
title = {{The location of emergency service facilities}},
url = {http://pubsonline.informs.org/doi/abs/10.1287/opre.19.6.1363},
volume = {19},
year = {1971}
}
@article{Verter2002,
author = {Verter, Vedat and LaPierre, Sophie D.},
doi = {10.1023/A:1020767501233},
journal = {Annals of Operations Research},
number = {1-4},
pages = {123--132},
publisher = {Springer},
title = {{Location of preventive health care facilities}},
url = {http://link.springer.com/article/10.1023/A:1020767501233},
volume = {110},
year = {2002}
}
@article{Yeh1997,
author = {Yeh, Anthony Gar-On and Chow, Man Hong},
doi = {10.1016/S0198-9715(97)00010-0},
journal = {Computers, Environment and Urban Systems},
number = {4},
pages = {339--350},
publisher = {Elsevier},
title = {{An integrated GIS and location-allocation approach to public facilities planning—An example of open space planning}},
url = {http://www.sciencedirect.com/science/article/pii/S0198971597000100},
volume = {20},
year = {1997}
}
@article{mackay2015,
  title={Ebola virus in the semen of convalescent men},
  author={Mackay, Ian M and Arden, Katherine E},
  journal={The Lancet Infectious Diseases},
  volume={15},
  number={2},
  pages={149--150},
  year={2015},
  publisher={Elsevier}
}
@article{christie2015,
  title={Possible sexual transmission of ebola virus-liberia, 2015.},
  author={Christie, A and Davies-Wayne, GJ and Cordier-Lasalle, T and Blackley, DJ and Laney, AS and Williams, DE and Shinde, SA and Badio, M and Lo, T and Mate, SE and others},
  journal={MMWR. Morbidity and mortality weekly report},
  volume={64},
  number={17},
  pages={479--481},
  year={2015}
}
@article{varkey2015,
  title={Persistence of Ebola Virus in Ocular Fluid during Convalescence},
  author={Varkey, Jay B and Shantha, Jessica G and Crozier, Ian and Kraft, Colleen S and Lyon, G Marshall and Mehta, Aneesh K and Kumar, Gokul and Smith, Justine R and Kainulainen, Markus H and Whitmer, Shannon and others},
  journal={New England Journal of Medicine},
  year={2015},
  publisher={Mass Medical Soc}
}
@inproceedings{kermack1927,
  title={A contribution to the mathematical theory of epidemics},
  author={Kermack, William O and McKendrick, Anderson G},
  booktitle={Proceedings of the Royal Society of London A: Mathematical, Physical and Engineering Sciences},
  volume={115},
  number={772},
  pages={700--721},
  year={1927},
  organization={The Royal Society}
}
@article{waaler1968,
  title={A Dynamic Model for the Epidemiology of Tuberculosis 1, 2},
  author={Waaler, Hans T},
  journal={American Review of Respiratory Disease},
  volume={98},
  number={4},
  pages={591--600},
  year={1968},
  publisher={Am Thoracic Soc}
}
@article{goffman1964,
  title={Generalization of epidemic theory},
  author={Goffman, William and Newill, VA},
  journal={Nature},
  volume={204},
  number={4955},
  pages={225--228},
  year={1964}
}
@article{rivers2014modeling,
  title={Modeling the impact of interventions on an epidemic of Ebola in Sierra Leone and Liberia},
  author={Rivers, Caitlin M and Lofgren, Eric T and Marathe, Madhav and Eubank, Stephen and Lewis, Bryan L},
  journal={PLoS currents},
  volume={6},
  year={2014},
  publisher={Public Library of Science}
}
@article{gomes2014,
  title={Assessing the international spreading risk associated with the 2014 West African Ebola outbreak},
  author={Gomes, Marcelo FC and y Piontti, Ana Pastore and Rossi, Luca and Chao, Dennis and Longini, Ira and Halloran, M Elizabeth and Vespignani, Alessandro},
  journal={PLoS currents},
  volume={6},
  year={2014},
  publisher={Public Library of Science}
}
@article{pandey2014,
  title={Strategies for containing Ebola in west Africa},
  author={Pandey, Abhishek and Atkins, Katherine E and Medlock, Jan and Wenzel, Natasha and Townsend, Jeffrey P and Childs, James E and Nyenswah, Tolbert G and Ndeffo-Mbah, Martial L and Galvani, Alison P},
  journal={Science},
  volume={346},
  number={6212},
  pages={991--995},
  year={2014},
  publisher={American Association for the Advancement of Science}
}
@article{lewnard2014,
  title={Dynamics and control of Ebola virus transmission in Montserrado, Liberia: a mathematical modelling analysis},
  author={Lewnard, Joseph A and Mbah, Martial L Ndeffo and Alfaro-Murillo, Jorge A and Altice, Frederick L and Bawo, Luke and Nyenswah, Tolbert G and Galvani, Alison P},
  journal={The Lancet Infectious Diseases},
  volume={14},
  number={12},
  pages={1189--1195},
  year={2014},
  publisher={Elsevier}
}
@article{rivers2014ebola,
  title={Ebola: models do more than forecast},
  author={Rivers, Caitlin},
  journal={Nature},
  volume={515},
  number={7528},
  pages={492--492},
  year={2014},
  publisher={Nature Publishing Group}
}
@article{church1996,
  title={Integrating normative location models into GIS: problems and prospects with thep-median model},
  author={Church, Richard L and Sorensen, Paul},
  journal={Spatial analysis: modelling in a GIS environment},
  pages={179--190},
  year={1996},
  publisher={Wiley}
}
@article{cunningham1996,
  title={Access to community-based medical services and number of hospitalizations among patients with HIV disease: are they related?},
  author={Cunningham, William E and Mosen, David M and Hays, Ron D and Andersen, Ron M and Shapiro, Martin F},
  journal={JAIDS Journal of Acquired Immune Deficiency Syndromes},
  volume={13},
  number={4},
  pages={327--335},
  year={1996},
  publisher={LWW}
}
@article{hays1990,
  title={Spatial patterns of attendance at general practitioner services},
  author={Hays, Susan M and Kearns, Robin A and Moran, Warren},
  journal={Social Science \& Medicine},
  volume={31},
  number={7},
  pages={773--781},
  year={1990},
  publisher={Elsevier}
}
@article{phillips1979,
  title={Spatial variations in attendance at general practitioner services},
  author={Phillips, DR},
  journal={Social Science \& Medicine. Part D: Medical Geography},
  volume={13},
  number={3},
  pages={169--181},
  year={1979},
  publisher={Elsevier}
}
@article{morrill1970,
  title={Factors influencing distances traveled to hospitals},
  author={Morrill, Richard L and Earickson, Robert J and Rees, Philip},
  journal={Economic Geography},
  pages={161--171},
  year={1970},
  publisher={JSTOR}
}
@article{osleeb1992,
  title={A WEIGHTED COVERING MODEL TO AID IN DRACUNCULIASIS ERADICATION},
  author={Osleeb, Jeffrey P and McLafferty, Sara},
  journal={Papers in Regional Science},
  volume={71},
  number={3},
  pages={243--257},
  year={1992},
  publisher={Wiley Online Library}
}
@article{bennett1982,
  title={Selecting sites for rural health workers},
  author={Bennett, Vivienne L and Eaton, David J and Church, Richard L},
  journal={Social Science \& Medicine},
  volume={16},
  number={1},
  pages={63--72},
  year={1982},
  publisher={Elsevier}
}
@article{meltzer2014,
  title={Estimating the future number of cases in the Ebola epidemic—Liberia and Sierra Leone, 2014--2015},
  author={Meltzer, Martin I and Atkins, Charisma Y and Santibanez, Scott and Knust, Barbara and Petersen, Brett W and Ervin, Elizabeth D and Nichol, Stuart T and Damon, Inger K and Washington, Michael L},
  journal={MMWR Surveill Summ},
  volume={63},
  number={suppl 3},
  pages={1--14},
  year={2014}
}
@article{phillips1979,
  title={Spatial variations in attendance at general practitioner services},
  author={Phillips, DR},
  journal={Social Science \& Medicine. Part D: Medical Geography},
  volume={13},
  number={3},
  pages={169--181},
  year={1979},
  publisher={Elsevier}
}
@article{Baize2014,
  title={Emergence of Zaire Ebola virus disease in Guinea},
  author={Baize, Sylvain and Pannetier, Delphine and Oestereich, Lisa and Rieger, Toni and Koivogui, Lamine and Magassouba, N'Faly and Soropogui, Barr{\`e} and Sow, Mamadou Saliou and Ke{\"\i}ta, Sakoba and De Clerck, Hilde and others},
  journal={New England Journal of Medicine},
  volume={371},
  number={15},
  pages={1418--1425},
  year={2014},
  publisher={Mass Medical Soc}
}
@article{dixon2014,
  title={Ebola viral disease outbreak—West Africa, 2014},
  author={Dixon, Meredith G and Schafer, Ilana J and others},
  journal={MMWR Morb Mortal Wkly Rep},
  volume={63},
  number={25},
  pages={548--51},
  year={2014}
}
@article{lewnard2014,
  title={Dynamics and control of Ebola virus transmission in Montserrado, Liberia: a mathematical modelling analysis},
  author={Lewnard, Joseph A and Mbah, Martial L Ndeffo and Alfaro-Murillo, Jorge A and Altice, Frederick L and Bawo, Luke and Nyenswah, Tolbert G and Galvani, Alison P},
  journal={The Lancet Infectious Diseases},
  volume={14},
  number={12},
  pages={1189--1195},
  year={2014},
  publisher={Elsevier}
}
@article{bright2013,
  title={LandScan 2013 High Resolution global Population Data Set},
  author={Bright, EA and Coleman, PR and King, AL and Rose, AN and Urban, ML},
  journal={Oak Ridge National Laboratory, Oak Ridge, TN, USA},
  year={2009}
}