# FREQ
@inproceedings{li_svensson,
 author = {Li, Shi and Svensson, Ola},
 title = {{Approximating $k$-median via pseudo-approximation}},
 booktitle = {STOC},
 year = {2013},
 pages = {901--910},
 numpages = {10}
} 

@article{jain_vazirani,
 author = {Jain, Kamal and Vazirani, Vijay V.},
 title = {{Approximation algorithms for metric facility location and $k$-median problems using the primal-dual schema and Lagrangian relaxation}},
 journal = {{ Journal of the ACM }},
 issue_date = {March 2001},
 volume = {48},
 number = {2},
 month = mar,
 year = {2001},
 issn = {0004-5411},
 pages = {274--296},
 numpages = {23},
 url = {http://doi.acm.org/10.1145/375827.375845},
 doi = {10.1145/375827.375845},
 acmid = {375845},
 publisher = {ACM},
 address = {New York, NY, USA},
 keywords = {k-median problem, Lagrangian relaxation, approximation algorithms, facility location problem, linear programming},
} 

@inproceedings{jms,
 author = {Jain, Kamal and Mahdian, Mohammad and Saberi, Amin},
 title = {A new greedy approach for facility location problems},
 series = {In STOC},
 year = {2002},
 pages = {731--740},
 numpages = {10}
} 

@inproceedings{charikar_kmed,
  title={A constant-factor approximation algorithm for the k-median problem},
  author={Charikar, Moses and Guha, Sudipto and Tardos, {\'E}va and Shmoys, David B},
  booktitle={STOC},
  pages={1--10},
  year={1999},
  organization={ACM}
}

@article{arya,
  title={Local search heuristics for k-median and facility location problems},
  author={Arya, Vijay and Garg, Naveen and Khandekar, Rohit and Meyerson, Adam and Munagala, Kamesh and Pandit, Vinayaka},
  journal = {{SIAM Journal on Computing}},
  volume={33},
  number={3},
  pages={544--562},
  year={2004},
  publisher={SIAM}
}



@inproceedings{srin:level-sets,
author = {A. Srinivasan},
title = {Distributions on level-sets with applications to approximation algorithms},
booktitle = {FOCS},
year = {2001},
pages = {588--597}
}



@article{jain2003greedy,
  title={Greedy facility location algorithms analyzed using dual fitting with factor-revealing LP},
  author={Jain, Kamal and Mahdian, Mohammad and Markakis, Evangelos and Saberi, Amin and Vazirani, Vijay V},
  journal={Journal of the ACM},
  volume={50},
  number={6},
  pages={795--824},
  year={2003},
  publisher={ACM}
}



@book{book:ws,
  author    = {David P. Williamson and
               David B. Shmoys},
  title     = {The Design of Approximation Algorithms},
  publisher = {Cambridge University Press},
  year      = {2011},
  isbn      = {978-0-521-19527-0},
  pages     = {I-XI, 1-504},
  ee        = {http://www.cambridge.org/de/knowledge/isbn/item5759340/?site_locale=de_DE},
  bibsource = {DBLP, http://dblp.uni-trier.de}
}



@article{depround,
  author    = {Rajiv Gandhi and
               Samir Khuller and
               Srinivasan Parthasarathy and
               Aravind Srinivasan},
  title     = {Dependent rounding and its applications to approximation
               algorithms},
  journal   = {Journal of the ACM},
  volume    = {53},
  number    = {3},
  year      = {2006},
  pages     = {324-360}
}

@inproceedings{an-etal:cap-k-center,
author = {Hyung-Chan An and Aditya Bhaskara and Chandra Chekuri and Shalmoli Gupta and Vivek Madan and Ola Svensson},
title = {Centrality of Trees for Capacitated k-Center},
booktitle = {{IPCO}},
year = {2014}
}

@article{DBLP:journals/mp/LeviSS12,
  author    = {Retsef Levi and
               David B. Shmoys and
               Chaitanya Swamy},
  title     = {LP-based approximation algorithms for capacitated facility
               location},
  journal   = {Mathematical Programming},
  volume    = {131},
  number    = {1-2},
  year      = {2012},
  pages     = {365-379}
}





%%%%%%%%%%%%%%%%%%%%%%%%%%%%%% 	CLUSTERING


@inproceedings{charikar_clustering,
 author = {Charikar, Moses and Panigrahy, Rina},
 title = {Clustering to Minimize the Sum of Cluster Diameters},
 booktitle = {Proceedings of the Thirty-third Annual ACM Symposium on Theory of Computing},
 series = {STOC '01},
 year = {2001},
 isbn = {1-58113-349-9},
 location = {Hersonissos, Greece},
 pages = {1--10},
 numpages = {10},
 url = {http://doi.acm.org/10.1145/380752.380753},
 doi = {10.1145/380752.380753},
 acmid = {380753},
 publisher = {ACM},
 address = {New York, NY, USA}
} 
 

@article{khuller_clustering,
 author = {Aggarwal, Gagan and Panigrahy, Rina and Feder, Tom\'{a}s and Thomas, Dilys and Kenthapadi, Krishnaram and Khuller, Samir and Zhu, An},
 title = {Achieving Anonymity via Clustering},
 journal = {ACM Transactions on
Algorithms (TALG)},
 issue_date = {June 2010},
 volume = {6},
 number = {3},
 month = jul,
 year = {2010},
 issn = {1549-6325},
 pages = {49:1--49:19},
 articleno = {49},
 numpages = {19},
 url = {http://doi.acm.org/10.1145/1798596.1798602},
 doi = {10.1145/1798596.1798602},
 acmid = {1798602},
 publisher = {ACM},
 address = {New York, NY, USA},
 keywords = {Privacy, anonymity, approximation algorithms, clustering}
} 


@inproceedings{byrka_kmed,
  author    = {Jaroslaw Byrka and
               Thomas Pensyl and
               Bartosz Rybicki and
               Aravind Srinivasan and
               Khoa Trinh},
  title     = {An Improved Approximation for \emph{k}-median, and Positive Correlation
               in Budgeted Optimization},
  booktitle = {Proceedings of the Annual {ACM-SIAM} Symposium on Discrete
               Algorithms, (SODA)},
  pages     = {737--756},
  year      = {2015}
}


%%%%%%%%%%%%%%%%%%%%%%%%%%%%%% 	KNAPSACK MEDIAN

@inproceedings{krishnaswamy_km,
  title={The matroid median problem},
  author={Krishnaswamy, Ravishankar and Kumar, Amit and Nagarajan, Viswanath and Sabharwal, Yogish and Saha, Barna},
  booktitle={Proceedings of the annual ACM-SIAM Symposium on Discrete Algorithms (SODA)},
  pages={1117--1130},
  year={2011},
  organization={SIAM}
}

@inproceedings{kumar_km,
  title={Constant factor approximation algorithm for the knapsack median problem},
  author={Kumar, Amit},
  booktitle={Proceedings of the annual ACM-SIAM Symposium on Discrete Algorithms (SODA)},
  pages={824--832},
  year={2012},
  organization={SIAM}
}


@inproceedings{swamy_km,
  title={Improved Approximation Algorithms for Matroid and Knapsack Median Problems and Applications },
  author={Swamy, Chaitanya},
  booktitle={APPROX/RANDOM 2014},
  volume={28},
  pages={403--418},
  year={2014},
}

@article{charikar_dependent,
  title={A Dependent LP-Rounding Approach for the k-Median Problem},
  author={Charikar, Moses and Li, Shi},
  journal={Automata, Languages, and Programming (ICALP)},
  pages={194--205},
  year={2012},
  publisher={Springer}
}




%%%%%%%%%%%%%%%%%%%%%%%%%%%%%% 	CENTER PROBLEM

@article{hoch_shmoys_kc,
 author = {Hochbaum, Dorit S. and Shmoys, David B.},
 title = {A Unified Approach to Approximation Algorithms for Bottleneck Problems},
 journal = {J. ACM},
 issue_date = {July 1986},
 volume = {33},
 number = {3},
 month = may,
 year = {1986},
 issn = {0004-5411},
 pages = {533--550},
 numpages = {18},
 url = {http://doi.acm.org/10.1145/5925.5933},
 doi = {10.1145/5925.5933},
 acmid = {5933},
 publisher = {ACM},
 address = {New York, NY, USA}
} 


@article{jianli_kc,
author="Chen, Danny Z.
and Li, Jian
and Liang, Hongyu
and Wang, Haitao",
title={Matroid and Knapsack Center Problems},

journal={Integer Programming and Combinatorial Optimization: 16th International Conference, IPCO 2013, Valpara{\'i}so, Chile, March 18-20, 2013. Proceedings},
year="2013",

publisher="Springer Berlin Heidelberg",
address="Berlin, Heidelberg",
pages="110--122",
isbn="978-3-642-36694-9",
doi="10.1007/978-3-642-36694-9_10",
url="http://dx.doi.org/10.1007/978-3-642-36694-9_10"
}




@article{khuller_ftkc,
title = "Fault tolerant K-center problems ",
journal = "Theoretical Computer Science ",
volume = "242",
number = "1â€“2",
pages = "237 - 245",
year = "2000",
note = "",
issn = "0304-3975",
doi = "http://dx.doi.org/10.1016/S0304-3975(98)00222-9",
url = "http://www.sciencedirect.com/science/article/pii/S0304397598002229",
author = "Samir Khuller and Robert Pless and Yoram J. Sussmann",
keywords = "Approximation algorithms",
keywords = "Facility location",
keywords = "K-center",
keywords = "Fault-tolerance "
}


@inproceedings{charikar_robustkc,
 author = {Charikar, Moses and Khuller, Samir and Mount, David M. and Narasimhan, Giri},
 title = {Algorithms for Facility Location Problems with Outliers},
 booktitle = {Proceedings of the Twelfth Annual ACM-SIAM Symposium on Discrete Algorithms},
 series = {SODA '01},
 year = {2001},
 isbn = {0-89871-490-7},
 location = {Washington, D.C., USA},
 pages = {642--651},
 numpages = {10},
 url = {http://dl.acm.org/citation.cfm?id=365411.365555},
 acmid = {365555},
 publisher = {Society for Industrial and Applied Mathematics},
 address = {Philadelphia, PA, USA}
} 

%%%%%%%%%%%%%%%%%%%%%%%%%%%%%% 	UFL
@article{hoc_ufl,
author="Hochbaum, Dorit S.",
title="Heuristics for the fixed cost median problem",
journal="Mathematical Programming",
volume="22",
number="1",
pages="148--162",
issn="1436-4646",
doi="10.1007/BF01581035",
url="http://dx.doi.org/10.1007/BF01581035"
}

@inproceedings{shmoys_ufl,
 author = {Shmoys, David B. and Tardos, \'{E}va and Aardal, Karen},
 title = {Approximation Algorithms for Facility Location Problems (Extended Abstract)},
 booktitle = {Proceedings of the Twenty-ninth Annual ACM Symposium on Theory of Computing},
 series = {STOC '97},
 year = {1997},
 isbn = {0-89791-888-6},
 location = {El Paso, Texas, USA},
 pages = {265--274},
 numpages = {10},
 url = {http://doi.acm.org/10.1145/258533.258600},
 doi = {10.1145/258533.258600},
 acmid = {258600},
 publisher = {ACM},
 address = {New York, NY, USA}
} 

@article{li_ufl,
author="Li, Shi",
editor="Aceto, Luca
and Henzinger, Monika
and Sgall, Ji{\v{r}}{\'i}",
title="A 1.488 Approximation Algorithm for the Uncapacitated Facility Location Problem",
journal="Automata, Languages and Programming: 38th International Colloquium, ICALP 2011, Zurich, Switzerland, July 4-8, 2011, Proceedings, Part II",
year="2011",
publisher="Springer Berlin Heidelberg",
address="Berlin, Heidelberg",
pages="77--88",
isbn="978-3-642-22012-8",
doi="10.1007/978-3-642-22012-8_5",
url="http://dx.doi.org/10.1007/978-3-642-22012-8_5"
}


@article{byrka_ufl,
author="Byrka, Jaroslaw",
editor="Charikar, Moses
and Jansen, Klaus
and Reingold, Omer
and Rolim, Jos{\'e} D. P.",
title="An Optimal Bifactor Approximation Algorithm for the Metric Uncapacitated Facility Location Problem",
journal="Approximation, Randomization, and Combinatorial Optimization. Algorithms and Techniques: 10th International Workshop, APPROX 2007, and 11th International Workshop, RANDOM 2007, Princeton, NJ, USA, August 20-22, 2007. Proceedings",
year="2007",
publisher="Springer Berlin Heidelberg",
address="Berlin, Heidelberg",
pages="29--43",
isbn="978-3-540-74208-1",
doi="10.1007/978-3-540-74208-1_3",
url="http://dx.doi.org/10.1007/978-3-540-74208-1_3"
}


@inproceedings{guha_ufl,
 author = {Guha, Sudipto and Khuller, Samir},
 title = {Greedy Strikes Back: Improved Facility Location Algorithms},
 booktitle = {Proceedings of the Ninth Annual ACM-SIAM Symposium on Discrete Algorithms},
 series = {SODA '98},
 year = {1998},
 isbn = {0-89871-410-9},
 location = {San Francisco, California, USA},
 pages = {649--657},
 numpages = {9},
 url = {http://dl.acm.org/citation.cfm?id=314613.315037},
 acmid = {315037},
 publisher = {Society for Industrial and Applied Mathematics},
 address = {Philadelphia, PA, USA}
} 


@article{svi_ufl,
author="Sviridenko, Maxim",
editor="Cook, William J.
and Schulz, Andreas S.",
title="An Improved Approximation Algorithm for the Metric Uncapacitated Facility Location Problem",
journal="Integer Programming and Combinatorial Optimization: 9th International IPCO Conference Cambridge, MA, USA, May 27--29, 2002 Proceedings",
year="2002",
publisher="Springer Berlin Heidelberg",
address="Berlin, Heidelberg",
pages="240--257",
isbn="978-3-540-47867-6",
doi="10.1007/3-540-47867-1_18",
url="http://dx.doi.org/10.1007/3-540-47867-1_18"
}



%%%%%%%%%%%%%%%%%%%%%%%%%%%%%% 	K-MEDIAN

@inproceedings{byrka_ckm,
 author = {Byrka, Jaroslaw and Fleszar, Krzysztof and Rybicki, Bartosz and Spoerhase, Joachim},
 title = {Bi-factor Approximation Algorithms for Hard Capacitated K-median Problems},
 booktitle = {Proceedings of the Twenty-Sixth Annual ACM-SIAM Symposium on Discrete Algorithms},
 series = {SODA '15},
 year = {2015},
 location = {San Diego, California},
 pages = {722--736},
 numpages = {15},
 url = {http://dl.acm.org/citation.cfm?id=2722129.2722178},
 acmid = {2722178},
 publisher = {SIAM}
} 


@inproceedings{li_ckm,
 author = {Li, Shi},
 title = {Approximating Capacitated K-median with (1 + eps)K Open Facilities},
 booktitle = {Proceedings of the Twenty-Seventh Annual ACM-SIAM Symposium on Discrete Algorithms},
 series = {SODA '16},
 year = {2016},
 isbn = {978-1-611974-33-1},
 location = {Arlington, Virginia},
 pages = {786--796},
 numpages = {11},
 url = {http://dl.acm.org/citation.cfm?id=2884435.2884491},
 acmid = {2884491},
 publisher = {SIAM}
} 



@article{swamy_ftkm,
 author = {Swamy, Chaitanya and Shmoys, David B.},
 title = {Fault-tolerant Facility Location},
 journal = {ACM Trans. Algorithms},
 issue_date = {August 2008},
 volume = {4},
 number = {4},
 month = aug,
 year = {2008},
 issn = {1549-6325},
 pages = {51:1--51:27},
 articleno = {51},
 numpages = {27},
 url = {http://doi.acm.org/10.1145/1383369.1383382},
 doi = {10.1145/1383369.1383382},
 acmid = {1383382},
 publisher = {ACM},
 address = {New York, NY, USA},
 keywords = {k-median problem, Approximation algorithms, facility location}
} 

@inproceedings{haj_ftkm,
 author = {Hajiaghayi, Mohammadtaghi and Hu, Wei and Li, Jian and Li, Shi and Saha, Barna},
 title = {A Constant Factor Approximation Algorithm for Fault-tolerant K-median},
 booktitle = {Proceedings of the Twenty-Fifth Annual ACM-SIAM Symposium on Discrete Algorithms},
 series = {SODA '14},
 year = {2014},
 isbn = {978-1-611973-38-9},
 location = {Portland, Oregon},
 pages = {1--12},
 numpages = {12},
 url = {http://dl.acm.org/citation.cfm?id=2634074.2634075},
 acmid = {2634075},
 publisher = {SIAM}
} 



%%%%%%%%%%%%%%%%%%%%%%%%%%%%%% 	APPLICATIONS

@article{app_bio,
author="Dueck, Delbert
and Frey, Brendan J.
and Jojic, Nebojsa
and Jojic, Vladimir
and Giaever, Guri
and Emili, Andrew
and Musso, Gabe
and Hegele, Robert",
editor="Vingron, Martin
and Wong, Limsoon",

title="Constructing Treatment Portfolios Using Affinity Propagation",

journal="Research in Computational Molecular Biology: 12th Annual International Conference, RECOMB 2008, Singapore, March 30 - April 2, 2008. Proceedings",

year="2008",

publisher="Springer Berlin Heidelberg",
address="Berlin, Heidelberg",
pages="360--371",
isbn="978-3-540-78839-3",
doi="10.1007/978-3-540-78839-3_31",
url="http://dx.doi.org/10.1007/978-3-540-78839-3_31"
}



@INPROCEEDINGS{app_vision1, 
author={H. Li}, 
booktitle={Computer Vision and Pattern Recognition, 2007. CVPR '07. IEEE Conference on}, 
title={Two-View Motion Segmentation from Linear Programming Relaxation}, 
year={2007}, 
pages={1-8}, 
keywords={image sampling;image segmentation;linear programming;maximum likelihood estimation;motion estimation;chicken-and-egg-type recursive character;linear programming relaxation;maximum likelihood estimation;mixture-of-fundamental-matrices model;random sampling scheme;two-view motion segmentation;Australia;Birds;Cameras;Computer vision;Layout;Linear programming;Maximum likelihood estimation;Motion estimation;Motion segmentation;Parameter estimation}, 
doi={10.1109/CVPR.2007.382975}, 
ISSN={1063-6919}, 
month={June},}

@INPROCEEDINGS{app_vision2, 
author={N. Lazic and I. Givoni and B. Frey and P. Aarabi}, 
booktitle={Computer Vision, 2009 IEEE 12th International Conference on}, 
title={FLoSS: Facility location for subspace segmentation}, 
year={2009}, 
pages={825-832}, 
doi={10.1109/ICCV.2009.5459302}, 
ISSN={1550-5499}, 
month={Sept},}


@Article{app_datamining,
author="Krivitski, Denis
and Schuster, Assaf
and Wolff, Ran",
title="A Local Facility Location Algorithm for Large-scale Distributed Systems",
journal="Journal of Grid Computing",
year="2007",
volume="5",
number="4",
pages="361--378",
issn="1572-9184",
doi="10.1007/s10723-007-9069-5",
url="http://dx.doi.org/10.1007/s10723-007-9069-5"
}

@Inbook{app_or1,
author="Daskin, Mark S.
and Snyder, Lawrence V.
and Berger, Rosemary T.",
editor="Langevin, Andr{\'e}
and Riopel, Diane",
chapter="Facility Location in Supply Chain Design",
title="Logistics Systems: Design and Optimization",
year="2005",
publisher="Springer US",
address="Boston, MA",
pages="39--65",
isbn="978-0-387-24977-3",
doi="10.1007/0-387-24977-X_2",
url="http://dx.doi.org/10.1007/0-387-24977-X_2"
}

@article{app_or2,
 author = {Manne, Alan S.},
 title = {Plant Location Under Economies-of-Scale---Decentralization and Computation},
 journal = {Manage. Sci.},
 issue_date = {November 1964},
 volume = {11},
 number = {2},
 month = nov,
 year = {1964},
 issn = {0025-1909},
 pages = {213--235},
 numpages = {23},
 url = {http://dx.doi.org/10.1287/mnsc.11.2.213},
 doi = {10.1287/mnsc.11.2.213},
 acmid = {2892079},
 publisher = {INFORMS},
 address = {Institute for Operations Research and the Management Sciences (INFORMS), Linthicum, Maryland, USA}
} 



@inproceedings{an_cfl,
 author = {An, Hyung Chan and Singh, Mohit and Svensson, Ola},
 title = {LP-Based Algorithms for Capacitated Facility Location},
 booktitle = {Proceedings of the 2014 IEEE 55th Annual Symposium on Foundations of Computer Science},
 series = {FOCS '14},
 year = {2014},
 isbn = {978-1-4799-6517-5},
 pages = {256--265},
 numpages = {10},
 url = {http://dx.doi.org/10.1109/FOCS.2014.35},
 doi = {10.1109/FOCS.2014.35},
 acmid = {2707470},
 publisher = {IEEE Computer Society},
 address = {Washington, DC, USA},
 keywords = {approximation algorithms, facility location, linear programming}
} 


%%%%%%%%%%%%%%%%%%%%%%%%%%%%%% 	DEP ROUNDING

@inproceedings{chekuri_depround,
 author = {Chekuri, Chandra and Vondr\'{a}k, Jan and Zenklusen, Rico},
 title = {Multi-budgeted Matchings and Matroid Intersection via Dependent Rounding},
 booktitle = {Proceedings of the Twenty-second Annual ACM-SIAM Symposium on Discrete Algorithms},
 series = {SODA '11},
 year = {2011},
 location = {San Francisco, California},
 pages = {1080--1097},
 numpages = {18},
 url = {http://dl.acm.org/citation.cfm?id=2133036.2133118},
 acmid = {2133118},
 publisher = {SIAM}
} 




@book{flow_book,
 author = {Ahuja, Ravindra K. and Magnanti, Thomas L. and Orlin, James B.},
 title = {Network Flows: Theory, Algorithms, and Applications},
 year = {1993},
 isbn = {0-13-617549-X},
 publisher = {Prentice-Hall, Inc.},
 address = {Upper Saddle River, NJ, USA}
} 

@article{flow_goldberg,
 author = {Goldberg, Andrew V. and Tarjan, Robert E.},
 title = {Finding Minimum-cost Circulations by Canceling Negative Cycles},
 journal = {J. ACM},
 issue_date = {Oct. 1989},
 volume = {36},
 number = {4},
 month = oct,
 year = {1989},
 issn = {0004-5411},
 pages = {873--886},
 numpages = {14},
 url = {http://doi.acm.org/10.1145/76359.76368},
 doi = {10.1145/76359.76368},
 acmid = {76368},
 publisher = {ACM},
 address = {New York, NY, USA}
} 
 
@Article{Orlin1997,
author="Orlin, James B.",
title="A polynomial time primal network simplex algorithm for minimum cost flows",
journal="Mathematical Programming",
year="1997",
volume="78",
number="2",
pages="109--129",
issn="1436-4646",
doi="10.1007/BF02614365",
url="http://dx.doi.org/10.1007/BF02614365"
}

@article{legrand_grais_boelle_valleron_flahault_2007, 
title={Understanding the dynamics of Ebola epidemics}, 
volume={135}, 
DOI={10.1017/S0950268806007217}, 
number={4}, 
journal={Epidemiology and Infection}, 
publisher={Cambridge University Press}, 
author={LEGRAND, J. and GRAIS, R.Â F. and BOELLE, P.Â Y. and VALLERON, A.Â J. and FLAHAULT, A.}, 
year={2007}, 
pages={610â€“621}
}

